@book{book_example,
    author    = "Author, A. and Saksham Rathi",
    title     = "The Sun: A Star",
    publisher = "Publisher",
    year      = "2020"
}

@article{article_example,
    author  = "Author, B.",
    title   = "The Earth's Orbit",
    journal = "Journal of Astronomy",
    volume  = "10",
    number  = "2",
    pages   = "123-135",
    year    = "2018"
}

@inproceedings{conference_example,
    author    = "Author, C.",
    title     = "Introduction to Relativity",
    booktitle = "Proceedings of the International Conference on Physics",
    year      = "2016"
}

@misc{website_example,
    author  = "Author, D.",
    title   = "Discovery of the Higgs Boson",
    howpublished = "\url{http://example.com}",
    note    = "Accessed: March 15, 2024",
    year    = "2013"
}
